@inproceedings{luu:makingsmartcontractssmarter,
	author = {Luu, Loi and Chu, Duc-Hiep and Olickel, Hrishi and Saxena, Prateek and Hobor, Aquinas},
	title = {Making Smart Contracts Smarter},
	booktitle = {Proceedings of the 2016 ACM SIGSAC Conference on Computer and Communications Security},
	series = {CCS '16},
	year = {2016},
	isbn = {978-1-4503-4139-4},
	location = {Vienna, Austria},
	pages = {254--269},
	numpages = {16},
	url = {http://doi.acm.org/10.1145/2976749.2978309},
	doi = {10.1145/2976749.2978309},
	acmid = {2978309},
	publisher = {ACM},
	address = {New York, NY, USA},
	keywords = {blockchain, cryptocurrencies, ethereum, smart contract, symbolic execution},
}

@article{nikolic:findingbadcontractsatscale,
	author    = {Ivica Nikolic and
			Aashish Kolluri and
			Ilya Sergey and
			Prateek Saxena and
			Aquinas Hobor},
	title     = {Finding The Greedy, Prodigal, and Suicidal Contracts at Scale},
	journal   = {CoRR},
	volume    = {abs/1802.06038},
	year      = {2018},
	url       = {http://arxiv.org/abs/1802.06038},
    urldate = {2018-07-31}, 
	eprint    = {1802.06038},
	timestamp = {Thu, 01 Mar 2018 19:20:48 +0100},
	biburl    = {https://dblp.org/rec/bib/journals/corr/abs-1802-06038},
	bibsource = {dblp computer science bibliography, https://dblp.org}
}

@online{ethereum:wiki,
	title={Ethereum Wiki},
	author={Ethereum Wiki},
	year={2018},
    urldate = {2018-06-15}, 
	month = 6,
	url={https://github.com/ethereum/wiki/wiki/}
}

@article{ct:smartcontracts,
	title={Vertrag denkt mit - Smart Contracts in der Ethereum-Blockchain},
	author={Hajo Schulz},
	journal={{c't}},
	year={2017},
	pages={108--112},
	number={23},
	url={https://www.heise.de/ct/ausgabe/2017-23-Smart-Contracts-in-der-Ethereum-Blockchain-3868431.html}
}

@article{informatikspectrum:smartcontracts,
author={Meitinger, Thomas Heinz},
title={Smart Contracts},
journal={Informatik-Spektrum},
year={2017},
month=8,
day={01},
volume={40},
number={4},
pages={371--375},
abstract={Smart Contracts sind rechtliche Vereinbarungen, die sich IT-Technologien bedienen, um die eigene Durchsetzbarkeit sicherzustellen. Es werden durch Smart Contracts autonom Handlungen initiiert, die zuvor vertraglich vereinbart wurden. Beispielsweise k{\"o}nnen vereinbarte Zahlungen von Geldbetr{\"a}gen selbstt{\"a}tig veranlasst werden. Basieren Smart Contracts auf Blockchains, ergeben sich per se vertrauensw{\"u}rdige Transaktionen. Eine dritte Instanz zur Sicherstellung einer korrekten Transaktion, beispielsweise eine Bank oder ein virtueller Marktplatz, wird nicht ben{\"o}tigt. Echte Peer-to-Peer-Vertr{\"a}ge sind m{\"o}glich. Ein weiterer Anwendungsfall von Smart Contracts ist denkbar. Smart Contracts k{\"o}nnten statt Vereinbarungen von Vertragsparteien gesetzliche Regelungen ausf{\"u}hren. Beispielsweise die Regelungen des Patentgesetzes k{\"o}nnten durch einen Smart Contract implementiert werden. Die Verwaltung von IPRs (Intellectual Property Rights) entsprechend den gesetzlichen Regelungen w{\"u}rde dadurch sichergestellt werden. Bislang werden Spezialisten, beispielsweise Patentanw{\"a}lte, ben{\"o}tigt, um eine akkurate Administration von Schutzrechten zu gew{\"a}hrleisten. Smart Contracts k{\"o}nnten die Dienstleistungen dieser Spezialisten auf dem Gebiet des geistigen Eigentums obsolet werden lassen. },
issn={1432-122X},
doi={10.1007/s00287-017-1045-2},
url={https://doi.org/10.1007/s00287-017-1045-2}
}

@book{rheinwerk:python3,
	author={ohannes Ernesti and Peter Kaiser},
	title={Python 3 - Das umfassende Handbuch},
	publisher={Rheinwerk Computing},
	year={2017},
	isbn={978-3-8362-5864-7}
}

@online{rs-online:privateblockchain,
	author={Andrew Back},
	title={Exploring Ethereum with Raspberry Pi Part 2: Creating a Private Blockchain},
	url={https://www.rs-online.com/designspark/exploring-ethereum-with-raspberry-pi-part-2-creating-a-private-blockchain},
    urldate = {2018-07-31}, 
	year={2010},
	month={7}
}

@online{ethereum:greetertutorial,
	author={{Ethereum Foundation}},
	title={Building a smart contract using the command line},
	url={https://www.ethereum.org/greeter},
    urldate = {2018-06-19}, 
	year={2018}
}

@manual{ethereum:solidity,
	author={Contributors on Github},
	title={Solidity Documentation},
	url={http://solidity.readthedocs.io/en/v0.4.23/},
    urldate = {2018-06-15}, 
	year={2018}
}

@manual{ethereum:yellowpaper,
	title={Ethereum Yellowpaper},
	author={{Ethereum Foundation}},
	year={2018},
	adress={https://github.com/ethereum/yellowpaper}
}

@inproceedings{atzei:attacksurvey,
	title={A survey of attacks on Ethereum smart contracts (SoK)},
	author={Atzei, Nicola and Bartoletti, Massimo and Cimoli, Tiziana},
	booktitle={International Conference on Principles of Security and Trust},
	pages={164--186},
	year={2017},
	organization={Springer}
}

@online{trailofbits:notsosmartcontracts,
	title={Not so smart contracts},
	author={trailofbits},
	year={2018},
	url={https://github.com/trailofbits/not-so-smart-contracts},
    urldate = {2018-06-15}, 
}

@online{kingoftheether:securitychecklist,
	title={Contract Safety and Security Checklist},
	author={{King of the Ether}},
	year={2017},
	url={https://www.kingoftheether.com/contract-safety-checklist.html},
    urldate = {2018-06-15}, 
}

@online{kingoftheether:postmortem,
	title={King of the Ether -- Post-Mortem Investigation},
	author={{King of the Ether}},
	year={2016},
    urldate = {2018-06-15}, 
	url={https://www.kingoftheether.com/postmortem.html}
}

@article{baldoni:symbolicexecutionsurvey,
	title={A Survey of Symbolic Execution Techniques},
	author={Roberto Baldoni and Emilio Coppa and Daniele Cono D'Elia and Camil Demetrescu and Irene Finocchi},
	journal={CoRR},
	year={2016},
	volume={abs/1610.00502}
}

@inproceedings{bhargavan:formalsmartcontractverification,
author = {Bhargavan, Karthikeyan and Delignat-Lavaud, Antoine and Fournet, C{\'e}dric and Gollamudi, Anitha and Gonthier, Georges and Kobeissi, Nadim and Kulatova, Natalia and Rastogi, Aseem and Sibut-Pinote, Thomas and Swamy, Nikhil and Zanella-B{\'e}guelin, Santiago},
title = {Formal Verification of Smart Contracts: Short Paper},
booktitle = {Proceedings of the 2016 ACM Workshop on Programming Languages and Analysis for Security},
series = {PLAS '16},
year = {2016},
isbn = {978-1-4503-4574-3},
location = {Vienna, Austria},
pages = {91--96},
numpages = {6},
url = {http://doi.acm.org/10.1145/2993600.2993611},
doi = {10.1145/2993600.2993611},
acmid = {2993611},
publisher = {ACM},
address = {New York, NY, USA},
keywords = {EVM, ethereum, formal verification, smart contracts, solidity},
}

@online{zepellin:parityjuly,
	title={The Parity Wallet Hack Explained – Zeppelin Blog},
    urldate = {2018-06-23}, 
	url={https://blog.zeppelin.solutions/on-the-parity-wallet-multisig-hack-405a8c12e8f7},
	journal={Zeppelin Blog},
	publisher={Zeppelin Blog},
	author={Palladino, Santiago},
	year={2017},
	month=7
}

@online{reddit:paritysuicide,
	title={Explanation of Parity Library Suicide},
    urldate = {2018-06-23}, 
	url={https://ethereum.stackexchange.com/questions/30128/explanation-of-parity-library-suicide},
	journal={Explanation of Parity Library Suicide},
	publisher={Ethereum Stack Exchange},
	author={libertylocked},
	year={2017},
	month=11
}

@online{cryptronics:nullstruct,
	title={Storage Allocation Exploits in Ethereum Smart Contracts},
    urldate = {2018-06-23}, 
	url={https://medium.com/cryptronics/storage-allocation-exploits-in-ethereum-smart-contracts-16c2aa312743},
	journal={Medium},
	publisher={Cryptronics},
	author={Beyer, Stefan},
	year={2018},
	month=2
}

@online{optimumregret:powh,
	title={The Surreal Madness of Ethereum's Pyramid Schemes – OptimumRegret – Medium},
    urldate = {2018-06-15}, 
	url={https://medium.com/@optimumregret/the-surreal-madness-of-ethereums-pyramid-schemes-da705fe7d92e},
	journal={Medium},
	publisher={Medium},
	author={OptimumRegret},
	year={2018},
	month=2
}

@online{golemproject:addresslength,
	title={How to Find USD 10M Just by Reading the Blockchain – The Golem Project},
    urldate = {2018-06-21}, 
	url={https://blog.golemproject.net/how-to-find-10m-by-just-reading-blockchain-6ae9d39fcd95},
	journal={The Golem Project},
	publisher={The Golem Project},
	author={Bylica, Paweł},
	year={2017},
	month=4
}

@online{cryptronics:smartcontractsecurity,
	title={Etereum Smart Contract Security – Cryptronics – Medium},
    urldate = {2018-06-23}, 
	url={https://medium.com/cryptronics/ethereum-smart-contract-security-73b0ede73fa8},
	journal={Medium},
	publisher={Cryptronics},
	author={Beyer, Stefan},
	year={2018},
	month=1
}

@online{medium:integeroverflowerc20,
	title={Integer Overflow (i.e., proxyOverflow Bug) Found in Multiple ERC20 Smart Contracts (CVE-2018–10376)},
    urldate = {2018-06-23}, 
	url={https://medium.com/@peckshield/integer-overflow-i-e-proxyoverflow-bug-found-in-multiple-erc20-smart-contracts-14fecfba2759},
	journal={Medium},
	publisher={Medium},
	author={PeckShield},
	year={2018},
	month=4
}

@online{cryptroncis:blockchainesoftwareengineers,
	title={Blockchain - A Definition for Software Engineers – Cryptronics – Medium},
    urldate = {2018-06-23}, 
	url={https://medium.com/cryptronics/blockchain-a-definition-for-software-engineers-9de333eba6ec},
	journal={Medium},
	publisher={Cryptronics},
	author={Beyer, Stefan},
	year={2018},
	month=4
}

@online{peckshield:scamtokens,
	title={Your Tokens Are Mine: A Suspicious Scam Token in A Top Exchange},
    urldate = {2018-07-31}, 
	url={https://peckshield.com/2018/04/28/transferFlaw/},
	journal={Peckshield Website},
	publisher={Peckshield},
	author={PeckShield Inc.},
	year={2018},
	month=4
}

@online{etherscan:rockpaperscissor,
	title = {Rock-Paper-Scissors-Contract on Etherscan},
    urldate = {2018-07-31}, 
	url = {https://etherscan.io/address/0xAc504e2a9c870A48de521ed513B251B1f7116Dd9#code},
	year = 2016,
	month = 4
}

@online{reddit:rockpaperscissor,
	title={Play Rock-Paper-Scissors for 1 ETH via Mist wallet},
    urldate = {2018-06-19}, 
	url={https://www.reddit.com/r/ethtrader/comments/4fpn6o/play_rockpaperscissors_for_1_eth_via_mist_wallet/},
	journal={Reddit},
	publisher={Reddit},
	author={eterpstra},
	year={2016},
	month=4
}

@online{etheraveum:paritywallethackexplained,
	title={Parity Wallet Hack Explained},
    urldate = {2018-06-23}, 
	url={https://steemit.com/cryptocurrency/@etheraveum/parity-wallet-hack-explained},
	journal={Steemit},
	publisher={Steemit},
	author={etheraveum},
	year={2017},
	month=7
}

@online{freecodecamp:paritywallethackexplained,
	title={A hacker stole USD 31M of Ether - how it happened, and what it means for Ethereum},
    urldate = {2018-06-23}, 
	url={https://medium.freecodecamp.org/a-hacker-stole-31m-of-ether-how-it-happened-and-what-it-means-for-ethereum-9e5dc29e33ce},
	journal={Medium},
	publisher={freeCodeCamp},
	author={Qureshi, Haseeb},
	year={2017},
	month=7
}

@online{springrole:parityfreeze,
	title={Parity Multi-sig wallets funds frozen (explained)},
    urldate = {2018-06-23}, 
	url={https://blog.springrole.com/parity-multi-sig-wallets-funds-frozen-explained-768ac072763c},
	journal={SpringRole},
	publisher={SpringRole},
	author={Shankar, Shivhari},
	year={2017},
	month=11
}

@mastersthesis{ntnu:smartcontractsecurity,
	author = {Ardit Dika},
	title = {Ethereum Smart Contracts: Security Vulnerabilities and Security Tools},
	school = {Norvegian University of Science and Technology},
	year = 2017,
	month = 12,
    urldate = {2018-07-31}, 
	url = {https://brage.bibsys.no/xmlui/bitstream/handle/11250/2479191/18400_FULLTEXT.pdf}
}

@online{code:parityenhancedwalletsteal,
	author = {Gav Wood},
	title = {Enhanced Wallet},
	year = 2017,
	month = 12,
    urldate = {2018-06-23}, 
	url = {https://github.com/paritytech/parity/blob/4d08e7b0aec46443bf26547b17d10cb302672835/js/src/contracts/snippets/enhanced-wallet.sol}
}

@online{parity:postmortem,
	author = {Parity Tech},
	title = {A Postmortem on the Parity Multi-Sig Library Self-Destruct},
	year = 2017,
	month = 11,
    urldate = {2018-06-23}, 
	url = {https://paritytech.io/a-postmortem-on-the-parity-multi-sig-library-self-destruct/}
}

@online{github:parityinitialize,
author = {Schmidt, Ricardo Guilherme},
title = {GitHub Pull-Request "Add the Wallet Library"},
year = 2017,
month = 8,
    urldate = {2017-11-15}, 
url = {https://github.com/paritytech/contracts/pull/74#%20issuecomment-319892715}
	}

@online{github:eic999,
	author = {Afri Schoedon},
	title = {EIP 999 - Restore Library Contract Code},
	year = 2018,
	month = 4,
    urldate = {2018-06-23}, 
	url = {https://github.com/5chdn/EIPs/blob/a5-eip-999/EIPS/eip-999.md}
}

@online{wikisource:solidityinventorgavinwood,
	author = {Benoit Schweblin},
	title = {Solidity Original Gist},
	year = 2014,
	month = 8,
	publisher = {ethereum-cpp Wiki},
    urldate = {2018-06-23}, 
	url = {https://stackedit.io/viewer#!url=https://gist.githubusercontent.com/gavofyork/31b35cd2252a00d0d057/raw/16de06189d2175d2e31b300f1f8531e20c927635/solidity-original}
}

@online{parity:newdevprocesses,
	author = {Parity Technologies},
	year = 2018,
	month = 05,
	title = {Secure from scratch: our new smart contract development processes},
    urldate = {2018-06-23}, 
	url = {https://paritytech.io/new-smart-contract-development-processes/}
}

@online{solidity:changelog,
	author = {Ethereum Foundation},
	year = 2018,
	month = 04,
	title = {Solidity Changelog},
    urldate = {2018-06-23}, 
	url = {https://github.com/ethereum/solidity/blob/develop/Changelog.md}
}

@online{etherscan:rubixi,
	title = {Code of the Rubixi-Ponzi on Etherscan},
    urldate = {2018-07-31}, 
	url = {https://etherscan.io/address/0xe82719202e5965Cf5D9B6673B7503a3b92DE20be#code},
	year = 2016,
	month = 03
}

@online{etherscan:walletsteal:inittransaction,
	title = {Transaction on the Etherscan-Wallet making the hacker the owner of the contract},
    urldate = {2018-07-31}, 
	url = {https://etherscan.io/tx/0x9dbf0326a03a2a3719c27be4fa69aacc9857fd231a8d9dcaede4bb083def75ec},
	year = 2017,
	month = 07
}

@online{etherscan:walletsteal:executetransaction,
	title = {Transaction on the Multi-Signature-Wallet stealing its content},
    urldate = {2018-07-31}, 
	url = {https://etherscan.io/tx/0xeef10fc5170f669b86c4cd0444882a96087221325f8bf2f55d6188633aa7be7c},
	year = 2017,
	month = 07
}

@online{etherscan:walletsteal:account,
	title = {Account of the Multi-Signature Wallet Hacker},
    urldate = {2018-06-23}, 
	url = {https://etherscan.io/txs?a=0xb3764761e297d6f121e79c32a65829cd1ddb4d32},
	year = 2017,
	month = 07
}

@online{etherscan:walletfreeze:init,
	title = {Transaction on the Multi-Signature-Wallet becoming its owner},
    urldate = {2018-07-31}, 
	url = {https://etherscan.io/tx/0x05f71e1b2cb4f03e547739db15d080fd30c989eda04d37ce6264c5686e0722c9},
	year = 2017,
	month = 11
}

@online{etherscan:walletfreeze:kill,
	title = {Transaction on the Multi-Signature-Wallet making it selfdestruct},
    urldate = {2018-07-31}, 
	url = {https://etherscan.io/tx/0x47f7cff7a5e671884629c93b368cb18f58a993f4b19c2a53a8662e3f1482f690},
	year = 2017,
	month = 11
}

@online{github:devops199,
	title = {Parity Client on Github, Issue 6995},
	author = {devops199},
    urldate = {2018-06-23}, 
	url = {https://github.com/paritytech/parity/issues/6995},
	year = 2017,
	month = 11
}

@online{etherscan:coinbox,
	title = {Honeypot-contract COIN\_BOX},
    urldate = {2018-07-31}, 
	url = {https://etherscan.io/address/0x85179ac15aa94e3ca32dd1cc04664e9bb0062115},
	year = 2018,
	month = 5
}

@online{augur:solidityaudit,
title = {Solidity Compiler Audit v1.0},
author = {coinspect},
    urldate = {2018-06-23}, 
url = {https://github.com/AugurProject/augur-audits/blob/master/solidity-compiler/Coinspect%20-%20Solidity%20Compiler%20Audit%20v1.0.pdf},
		year = 2017,
		month = 9
	}

@online{augur:serpentaudit,
	title = {Serpent Compiler Audit v1.0.0},
	author = {Zeppelin Solutions},
    urldate = {2018-06-23}, 
	url = {https://docs.google.com/document/d/1_PqXuAkvgUAOG3jbBvaUvqN6W90eJ3N4IdTLNMRAijo/edit#},
	year = 2017,
	month = 7
}

@online{solidity:buglist,
	title = {List of Solidity Compiler Bugs},
	author = {Ethereum Foundation},
    urldate = {2018-06-23}, 
	url = {https://github.com/ethereum/solidity/blob/develop/docs/bugs.json},
	year = 2018,
	month = 04
}

@online{ethereum:overflowblogpost,
	title = {Security Alert – Solidity – Variables can be overwritten in storage},
	author = {Reitwiessner, Christian},
    urldate = {2018-06-23}, 
	url = {https://blog.ethereum.org/2016/11/01/security-alert-solidity-variables-can-overwritten-storage},
	year = 2016,
	month = 11
}

@online{zeppelin:safemath,
	title = {SafeMath smart contract},
	author = {OpenZeppelin},
    urldate = {2018-06-23}, 
	url = {https://github.com/OpenZeppelin/openzeppelin-solidity/blob/master/contracts/math/SafeMath.sol},
	year = 2018,
	month = 6
}

@online{github:governmental,
	title = {GovernMental Website},
	author = {GovernMental},
    urldate = {2018-06-23}, 
	url = {http://governmental.github.io/GovernMental},
	year = 2018,
	month = 5
}

@online{etherscan:governmental:code,
	title = {Code of Ponzi-Contract GovernMental},
	author = {GovernMental},
    urldate = {2018-07-31}, 
	url = {https://github.com/GovernMental/GovernMental/blob/gh-pages/contract/Government.sol},
	year = 2016,
	month = 3
}

@online{etherscan:governmental:retrieve,
	title = {Retrieval of GovernMental-Funds},
    urldate = {2018-07-31}, 
	url = {https://etherscan.io/tx/0x0d80d67202bd9cb6773df8dd2020e7190a1b0793e8ec4fc105257e8128f0506b},
	year = 2016,
	month = 6
}

@online{reddit:governmental,
	title = {GovernMental's 1100 ETH jackpot payout is stuck because it uses too much gas},
	author = {ethererik},
    urldate = {2018-06-23}, 
	url = {https://www.reddit.com/r/ethereum/comments/4ghzhv/governmentals_1100_eth_jackpot_payout_is_stuck/},
	year = 2016,
	month = 4
}

@online{etherscan:mesh:transaction,
	title = {Transaction creating Mesh-Tokens},
    urldate = {2018-07-31}, 
	url = {https://etherscan.io/tx/0xa850ce29dac8cefd0cf3250486a8080ca32b0a94308b9ac3ac6639140e601344},
	year = 2018,
	month = 4
}

@online{etherscan:mesh:code,
	title = {M2C Mesh Network Token Contract},
	author = {MTC Network},
    urldate = {2018-07-31}, 
	url = {https://etherscan.io/address/0x3ac6cb00f5a44712022a51fbace4c7497f56ee31#code},
	year = 2018,
	month = 4
}

@online{cryptoslate:batchoverflow,
	title = {BatchOverflow Exploit Creates Trillions of Ethereum Tokens, Major Exchanges Halt ERC20 Deposits},
	author = {Town, Sam},
    urldate = {2018-06-23}, 
	url = {https://cryptoslate.com/batchoverflow-exploit-creates-trillions-of-ethereum-tokens},
	year = 2018,
	month = 4
}

@online{mesh:whitepaper,
title = {MTC Whitepaper},
author = {MTC Network},
    urldate = {2018-06-23}, 
url = {http://www.mtc.io/download/MTC%20White%20paper-en%20v1.1.pdf},
		year = 2018,
		month = 4
	}


@online{ethereum:eip150,
	title = {EIP 150: Gas cost changes for IO-heavy operations},
	author = {Vitalik Buterin},
    urldate = {2018-06-23}, 
	url = {https://github.com/ethereum/EIPs/blob/master/EIPS/eip-150.md},
	year = 2016,
	month = 9
}

@online{uscc:secondplace,
title = {Underhanded Solidity Coding Contest - Second Place},
author = {Jo\~{a}o Carvalho},
    urldate = {2018-06-23}, 
url = {https://github.com/Arachnid/uscc/tree/master/submissions-2017/joa%CC%83ocarvalho},
		year = 2017,
		month = 9
	}

@online{consensys:mythril,
	title = {Mythril},
	author = {ConsenSys},
    urldate = {2018-06-18}, 
	url = {https://github.com/ConsenSys/mythril},
	year = 2017,
	month = 4
}

@online{swende:breakingthehouse,
	title = {An Ethereum Roulette},
	author = {Martin Holst Swende},
    urldate = {2018-07-31}, 
	url = {http://swende.se/blog/Breaking_the_house.html},
	year = 2015,
	month = 8
}

@online{blockchannel:lifecycletransaction,
	title = {Life Cycle of an Ethereum Transaction},
	author = {Mahesh Murthy},
    urldate = {2018-06-19}, 
	url = {https://medium.com/blockchannel/life-cycle-of-an-ethereum-transaction-e5c66bae0f6e},
	year = 2017,
	month = 12
}

@online{positive:predictingrandomnumbers,
	title = {Predicting Random Numbers in Ethereum Smart Contracts},
	author = {Arseny Reutov},
    urldate = {2018-06-19}, 
	url = {https://blog.positive.com/predicting-random-numbers-in-ethereum-smart-contracts-e5358c6b8620},
	year = 2018,
	month = 1
}

@online{etherscan:addresszero,
	title = {Ethereum-Adress 0x0},
    urldate = {2018-07-31}, 
	url = {https://etherscan.io/address/0x0000000000000000000000000000000000000000},
	year = 2018,
	month = 6
}

@online{github:improvedrps,
	title = {rock paper scissor game on Ethereum},
    urldate = {2018-07-31}, 
	url = {https://github.com/SCBuergel/ethereum-rps},
	author = {Sebastian C. Bürgel},
	year = 2016,
	month = 4
}

@online{economist:dao,
	title = {The DAO of accrue},
	journal = {The Economist},
    urldate = {2018-07-31}, 
	url = {https://www.economist.com/finance-and-economics/2016/05/19/the-dao-of-accrue},
	author = {Staff},
	year = 2016,
	month = 5
}

@online{etherscan:stakeholderbattle,
	title = {StakeholderBattle Contract},
    urldate = {2018-07-31}, 
	url = {https://etherscan.io/address/0x7704442E1005B9AB403463ED85e2Fb24761a8738#code},
	year = 2018,
	month = 7
}

@online{etherscan:multiplicatorx3,
	title = {Multiplator\_X3 Contract},
    urldate = {2018-07-31}, 
	url = {https://etherscan.io/address/0x5aa88d2901c68fda244f1d0584400368d2c8e739#code},
	year = 2018,
	month = 7
}

@online{wagner:honeypots,
	title = {The phenomenon of smart contract honeypots},
    urldate = {2018-06-21}, 
	url = {https://medium.com/@gerhard.wagner/the-phenomena-of-smart-contract-honeypots-755c1f943f7b},
	author = {Gerhard Wagner},
	year = 2018,
	month = 3
}

@online{etherscan:whalegiveaway,
	title = {Code of smart contract WhaleGiveaway1},
    urldate = {2018-07-31}, 
	url = {https://etherscan.io/address/0x7a4349a749e59a5736efb7826ee3496a2dfd5489#code},
	year = 2018,
	month = 2
}

@online{alexsherbuck:dissectinghoneypot,
	title = {Dissecting an Ethereum Honey-Pot},
	author = {Alex Scherbuck},
    urldate = {2018-07-31}, 
	url = {https://medium.com/@alexsherbuck/dissecting-an-ethereum-honey-pot-7102d7def5e0},
	year = 2018,
	month = 2,
}

@online{github:randao,
	title = {RANDAO: A DAO working as RNG of Ethereum},
	author = {randao},
    urldate = {2018-06-22}, 
	url = {https://github.com/randao/randao},
	year = 2018,
	month = 2
}

@online{etherscan:ddoslauncher,
	title = {DDoS-Source on Etherscan},
    urldate = {2018-07-31}, 
	url = {https://etherscan.io/address/0x6a0a0fc761c612c340a0e98d33b37a75e5268472#code},
	year = 2016,
	month = 10
}

@online{bokconsulting:dos,
	title = {Ethereum Network Attacker’s IP Address Is Traceable},
    urldate = {2018-06-22}, 
	url = {https://www.bokconsulting.com.au/blog/ethereum-network-attackers-ip-address-is-traceable/},
	author = {{Bok Consulting Pty Ltd}},
	year = 2016,
	month = 10
}

@online{ethereum:eip158,
	title = {EIP 158},
    urldate = {2018-06-22}, 
	url = {https://github.com/ethereum/EIPs/issues/158},
	author = {Vitalik Buterin},
	year = 2016,
	month = 10
}

@online{stackexchange:dosexplained,
	title = {How was the state-bloat attack that led to the EIP 150 hardfork performed?},
    urldate = {2018-06-22}, 
	url = {https://ethereum.stackexchange.com/questions/11312/how-was-the-state-bloat-attack-that-led-to-the-eip-150-hardfork-performed},
	author = {Ben Edgington},
	year = 2017,
	month = 07
}

@online{ethereum:slowsyncing,
	title = {Why is my node synchronization stuck/extremely slow at block 2,306,843?},
    urldate = {2018-06-22}, 
	url = {https://ethereum.stackexchange.com/questions/9883/why-is-my-node-synchronization-stuck-extremely-slow-at-block-2-306-843/10453},
	author = {{The Officious BokkyPooBah}},
	year = 2017,
	month = 5
}

@online{etherscan:sweeper,
	title = {Sweeper Contract},
    urldate = {2018-06-19}, 
	url = {https://etherscan.io/address/0xa43ebd8939d8328f5858119a3fb65f65c864c6dd#code},
	author = {Martin Swende},
	year = 2016,
	month = 10
}

@online{zeit:dao,
	title = {Die erste Firma ohne Menschen},
	author = {Hannes Grassegger},
    urldate = {2018-05-23}, 
	url = {https://www.zeit.de/digital/internet/2016-05/blockchain-dao-crowdfunding-rekord-ethereum},
	journal = {Die ZEIT},
	year = 2016,
	month = 5
}

@online{technologyreview:daocriticism,
	title = {The “Autonomous Corporation” Called the DAO Is Not a Good Way to Spend \$130 Million},
	author = {Tom Simonite},
    urldate = {2018-07-09}, 
	url = {https://www.technologyreview.com/s/601480/the-autonomous-corporation-called-the-dao-is-not-a-good-way-to-spend-130-million/},
	journal = {Technology Review},
	year = 2016,
	month = 5
}

@online{americanbanker:legalcriticism,
	title = {The DAO Might Be Groundbreaking, But Is It Legal?},
	author = {Tanaya Macheel},
    urldate = {2018-06-23}, 
	url = {https://www.americanbanker.com/news/the-dao-might-be-groundbreaking-but-is-it-legal},
	journal = {American Banker},
	year = 2016,
	month = 6
}

@online{slockit:curators,
	title = {Vitalik Buterin, Gavin Wood, Alex van De Sande, Vlad Zamfir announced amongst exceptional DAO Curators},
	author = {Stephan Tual},
    urldate = {2018-06-23}, 
	url = {https://blog.slock.it/vitalik-buterin-gavin-wood-alex-van-de-sande-vlad-zamfir-announced-amongst-stellar-dao-curators-44be4d12dd6e},
	year = 2016,
	month = 6
}

@online{hackingdistributed:analysisdaoexploit,
	title = {Analysis of the DAO exploit},
	author = {Phil Daian},
    urldate = {2018-06-23}, 
	url = {http://hackingdistributed.com/2016/06/18/analysis-of-the-dao-exploit/},
	year = 2016,
	month = 6
}

@online{pfeffer:attackstory,
	title = {The attack story},
	author = {Johannes Pfeffer},
    urldate = {2018-06-23}, 
	url = {https://medium.com/@oaeee/the-attack-story-38f4789b3c3b},
	year = 2016,
	month = 6
}

@online{etherscan:dao,
	title = {Code of the DAO},
    urldate = {2018-07-31}, 
	url = {https://etherscan.io/address/0xbb9bc244d798123fde783fcc1c72d3bb8c189413#code},
	year = 2016,
	month = 5
}

@online{etherscan:lonelysolonely,
	title = {Malicous Proposal to DAO},
    urldate = {2018-07-31}, 
	url = {https://etherscan.io/tx/0x5798fbc45e3b63832abc4984b0f3574a13545f415dd672cd8540cd71f735db56#decodetab},
	year = 2016,
	month = 6
}

@online{etherscan:dao:oneoftheattacks,
	title = {One of the transactions draining the DAO},
    urldate = {2018-07-31}, 
	url = {https://etherscan.io/tx/0x0ec3f2488a93839524add10ea229e773f6bc891b4eb4794c3337d4495263790b},
	year = 2016,
	month = 6
}

@online{etherscan:dao:firstattacker,
	title = {First address of the attacker},
    urldate = {2018-07-31}, 
	url = {https://etherscan.io/address/0x969837498944ae1dc0dcac2d0c65634c88729b2d},
	year = 2016,
	month = 6
}

@online{etherscan:dao:secondattacker,
	title = {Second address of the attacker},
    urldate = {2018-07-31}, 
	url = {https://etherscan.io/address/0xf35e2cc8e6523d683ed44870f5b7cc785051a77d },
	year = 2016,
	month = 6
}

@online{coindesk:daohackjournalists,
	title = {Understanding The DAO Attack},
	author = {David Siegel},
    urldate = {2018-06-23}, 
	url = {https://www.coindesk.com/understanding-dao-hack-journalists/},
	year = 2016,
	month = 6
}

@online{slockit:daohistory,
	title = {The History of the DAO and Lessons Learned},
	author = {Christoph Jentzsch},
    urldate = {2018-06-23}, 
	url = {https://blog.slock.it/the-history-of-the-dao-and-lessons-learned-d06740f8cfa5},
	year = 2016,
	month = 8
}

@online{bitcoinmagazine:daolegalaftermath,
	title = {A Legal Analysis of the DAO Exploit and Possible Investor Rights},
	author = {Drew Hinkes},
    urldate = {2018-06-23}, 
	url = {https://bitcoinmagazine.com/articles/a-legal-analysis-of-the-dao-exploit-and-possible-investor-rights-1466524659/},
	year = 2016,
	month = 6
}

@online{forbes:implicationsonethereum,
	title = {Will The \$50m Heist Of The DAO Take Down Bitcoin's Rival Blockchain?},
	author = {Jonathan Chester},
    urldate = {2018-06-23}, 
	url = {https://www.forbes.com/sites/jonathanchester/2016/06/21/can-the-50m-heist-of-the-dao-take-down-bitcoins-rival-blockchain/#40a7326e7e37},
	year = 2016,
	month = 6
}

@online{reddit:daowithdrawbootyonclassic,
	title = {The Hacker Has Just Withdrawn Their Booty From The DAO On The ETC Chain},
	author = {BokkyPooBah},
    urldate = {2018-06-23}, 
	url = {https://www.reddit.com/r/ethereum/comments/51bwgd/the_hacker_has_just_withdrawn_their_booty_from/},
	year = 2016,
	month = 6
}

@online{dao:terms,
	title = {Explanation of Terms and Disclaimer},
	author = {Slock.it},
    urldate = {2016-05-01}, 
	url = {https://daohub.org/explainer.html},
	year = 2016,
	month = 4
}

@online{etherscan:darkdao:balanceafter,
	title = {Balance of TheDarkDAO after the attack},
    urldate = {2018-07-31}, 
	url = {https://etherscan.io/balancecheck-tool?a=0x304a554a310C7e546dfe434669C62820b7D83490},
	note = {Selected date: 06.18.2016},
	year = 2016,
	month = 6
}

@online{etherscan:dao:balancebefore,
	title = {Balance of TheDAO before the attack},
    urldate = {2018-07-31}, 
	url = {https://etherscan.io/balancecheck-tool?a=0xbb9bc244d798123fde783fcc1c72d3bb8c189413},
	note = {Selected date: 06.16.2016},
	year = 2016,
	month = 6
}

@online{coinmarketcap:ethervaluedao,
	title = {Value of the DAO at the day of the attack},
	author = {CoinMarketCap},
    urldate = {2018-06-24}, 
	url = {https://coinmarketcap.com/currencies/ethereum/historical-data/?start=20160617&end=20160618},
	year = 2016,
	month = 6
}

@online{etherscan:buterindao,
	title = {Vitalik Buterin spending 900 ETH on the DAO},
    urldate = {2018-07-31}, 
	url = {https://etherscan.io/tx/0xeded6b3476d49fe2867fb2efd65d3b69ffbd114b5e8d795ae7c72238a2762f36},
	year = 2016,
	month = 6
}

@online{unblock:buterinaddress,
	title = {Who is Vitalik Buterin, The Mastermind Behind Ethereum?},
    urldate = {2018-06-24}, 
	url = {https://unblock.net/who-is-vitalik-buterin/},
	month = 1,
	year = 2018,
	author = {Stefan Stankovic}
}

@online{ethereum:redaovulnerability,
	title = {CRITICAL UPDATE Re: DAO Vulnerability},
    urldate = {2018-06-24}, 
	url = {https://ethereum.github.io/blog/2016/06/17/critical-update-re-dao-vulnerability/},
	author = {Vitalik Buterin},
	year = 2016,
	month = 6
}

@online{slockit:hardfork,
	title = {Hard Fork Specification},
	author = {Christoph Jentzsch},
    urldate = {2018-07-31}, 
	url = {https://blog.slock.it/hard-fork-specification-24b889e70703},
	year = 2016,
	month = 7
}

@online{etherscan:withdrawdao,
	title = {WithdrawDAO contract to refund the stolen ether},
    urldate = {2018-07-31}, 
	url = {https://etherscan.io/address/0xbf4ed7b27f1d666546e30d74d50d173d20bca754},
	year = 2016,
	month = 7
}

@online{bitdegree:split,
	title = {Ethereum vs Ethereum Classic: The Ethereum Split},
    urldate = {2018-06-24}, 
	url = {https://www.bitdegree.org/tutorials/ethereum-vs-ethereum-classic/#Ethereum_vs_Ethereum_Classic_The_Story_So_Far},
	author = {Ray King},
	year = 2018,
	month = 5
}

@online{etherscan:daofork,
	title = {Block of the DAO fork},
    urldate = {2018-07-31}, 
	url = {https://etherscan.io/block/1920000},
	month = 7,
	year = 2018
}

@online{heise:fork,
	title = {Nach dem DAO-Hack: Ethereum glückt der harte Fork},
    urldate = {2018-07-31}, 
	url = {https://www.heise.de/newsticker/meldung/Nach-dem-DAO-Hack-Ethereum-glueckt-der-harte-Fork-3273618.html},
	author = {Axel Kannenberg},
	journal = {Heise Online},
	year = 2017,
	month = 7
}

@online{ethereumclassic:titlepage,
	title = {Ethereum Classic - A smarter blockchain that takes digital assets further},
	author = {Ethereum Classic},
    urldate = {2018-06-25}, 
	url = {https://ethereumclassic.org/},
	year = 2018,
	month = 6
}

@online{coinmarketcap:overview,
	title = {Top 100 Cryptocurrencies by Market Capitalization},
	author = {CoinMarketCap},
    urldate = {2018-06-25}, 
	url = {https://coinmarketcap.com/},
	year = 2018,
	month = 6
}

@online{coinmarketcap:parityfreeze,
	title = {Value of ether in US-\$ at the day of the Parity Freeze},
	author = {CoinMarketCap},
    urldate = {2018-06-26}, 
	url = {https://coinmarketcap.com/currencies/ethereum/historical-data/?start=20171106&end=20171106},
	year = 2017,
	month = 11
}

@online{programmingtheblockchain:storagelayout,
	title = {Understanding Ethereum Smart Contract Storage},
	author = {Steve Marx},
    urldate = {2018-07-09}, 
	url = {https://programtheblockchain.com/posts/2018/03/09/understanding-ethereum-smart-contract-storage/},
	year = 2018,
	month = 3
}

@online{szabo:smartcontracts,
	title = {The Idea of Smart Contracts},
	author = {Nick Szabo},
    urldate = {2016-08-31}, 
	url = {http://szabo.best.vwh.net/smart_contracts_idea.html},
	year = 1997,
}

@article{nakamoto:bitcoin,
  title={Bitcoin: A peer-to-peer electronic cash system},
  author={Nakamoto, Satoshi},
  year={2008},
  publisher={Working Paper},
  url = {https://bitcoin.org/bitcoin.pdf},
}

@article{lamport:byzantine,
	author = {Lamport, Leslie and Shostak, Robert and Pease, Marshall},
	title = {The Byzantine Generals Problem},
	year = {1982},
	month = {7},
	url = {https://www.microsoft.com/en-us/research/publication/byzantine-generals-problem/},
	address = {},
	pages = {382-401},
	journal = {ACM Transactions on Programming Languages and Systems},
	volume = {4/3},
}

@online{reddit:honeypots,
	author = {brenjerman},
	title = {Exposing Ethereum Honeypots},
    urldate = {2018-07-10}, 
	url = {https://www.reddit.com/r/ethereum/comments/7xvoui/exposing_ethereum_honeypots/},
	year = 2018,
	month = 2,
}

@online{etherscan:fireponzi,
	title = {FirePonzi Honeypot Contract on Etherscan},
    urldate = {2018-07-31}, 
	url = {https://etherscan.io/address/0x062524205ca7ecf27f4a851edec93c7ad72f427b},
	year = 2016,
	month = 4
}

@online{etherchain:honeypot,
	title = {Honeypot with internal transactions on Etherchain},
    urldate = {2018-07-31}, 
	url = {https://etherscan.io/address/0x062524205ca7ecf27f4a851edec93c7ad72f427b},
	year = 2018,
	month = 7
}

@online{etherscan:latchedhoneypot,
	title = {Latched Honeypot on Etherscan},
    urldate = {2018-07-31}, 
	url = {https://etherscan.io/address/0x36d5d7262784130de564e99f5c2eab2aa0484bce},
	year = 2018,
	month = 7
}

@online{etherscan:uncalledcallhoneypot,
	title = {Honeypot using the uncalled call-technique on Etherscan},
    urldate = {2018-07-31}, 
	url = {https://etherscan.io/address/0x2f30ff3428d62748a1d993f2cc6c9b55df40b4d7},
	year = 2018,
	month = 6
}

@online{github:solparse,
	title = {solparse: Solidity Parser for Solium},
	author = {duaraghav8},
    urldate = {2018-07-21}, 
	url = {https://github.com/duaraghav8/solparse},
	year = 2018,
	month = 4
}

@online{github:pegjs,
	title = {PEG.js: Parser generator for JavaScript},
    urldate = {2018-07-21}, 
	url = {https://github.com/pegjs/pegjs},
	year = 2018,
	month = 5
}

@article{ct:spamfilter,
    title = {Spam oder nicht Spam?},
    subtitle = {E-Mail sortieren mit Bayes-Filtern},
    journal = {c't},
    volume = {17},
    year = {2003},
    pages = {150--153},
}

@online{etherscan:riddle,
	title = {guess\_and\_get\_the\_money-Honeypot on Etherscan},
	year = 2018,
	month = 7,
    urldate = {2018-07-31}, 
	url = {https://etherscan.io/address/0xc78f0fdfb708689cbe6629175b66958eaa89e7d0},
}

@online{etherscan:earlytokensale,
	title = {EarlyTokenSale-Contract on Etherscan (False positive of Amphicyon)},
	year = 2018,
	month = 7,
    urldate = {2018-07-31}, 
	url = {https://etherscan.io/address/0x5779e3be792dd42f24ae1958a3416fc508f227c8},
}

@online{etherscan:giftcard,
	title = {GIFT\_CARD honeypot contract on Etherscan},
	year = 2018,
	month = 6,
    urldate = {2018-07-31}, 
	url = {https://etherscan.io/address/0x99bab102c0a03438bcfd70119f07ee646db26ddf},
}

@inproceedings{delmolino:rps,
  title={Step by step towards creating a safe smart contract: Lessons and insights from a cryptocurrency lab},
  author={Delmolino, Kevin and Arnett, Mitchell and Kosba, Ahmed and Miller, Andrew and Shi, Elaine},
  booktitle={International Conference on Financial Cryptography and Data Security},
  pages={79--94},
  year={2016},
  organization={Springer}
}

@online{github:vyper,
	title = {Vyper: New experimental programming language},
	author = {Ethereum Foundation},
    urldate = {2018-07-22}, 
	url = {https://github.com/ethereum/vyper},
	year = 2018,
	month = 7,
}

@online{github:solium,
	title = {Solium: Linter to identify and fix style & security issues in Solidity},
	author = {duaraghav8},
	url = {https://github.com/duaraghav8/Solium},
    urldate = {2018-07-22}, 
	year = 2018,
	month = 7
}

@online{github:truffle,
	title = {Truffle: The most popular Ethereum development framework},
	author = {trufflesuite},
	url = {https://github.com/trufflesuite/truffle},
    urldate = {2018-07-22}, 
	year = 2018,
	month = 7
}

@online{github:llldocs,
	title = {Documentation for the Ethereum LLL compiler},
	author = {Ben Edgington},
	url = {https://github.com/benjaminion/LLL_docs},
    urldate = {2018-07-22}, 
	year = 2017,
	month = 9
}

@online{github:soliditycoverage,
	title = {solidity-coverage: Documentation for the Ethereum LLL compiler},
	author = {Ben Edgington},
	url = {https://github.com/sc-forks/solidity-coverage},
    urldate = {2018-07-23}, 
	year = 2018,
	month = 7
}

@inproceedings{bhargavan:formalsolidity,
 author = {Bhargavan, Karthikeyan and Delignat-Lavaud, Antoine and Fournet, C{\'e}dric and Gollamudi, Anitha and Gonthier, Georges and Kobeissi, Nadim and Kulatova, Natalia and Rastogi, Aseem and Sibut-Pinote, Thomas and Swamy, Nikhil and Zanella-B{\'e}guelin, Santiago},
 title = {Formal Verification of Smart Contracts: Short Paper},
 booktitle = {Proceedings of the 2016 ACM Workshop on Programming Languages and Analysis for Security},
 series = {PLAS '16},
 year = {2016},
 isbn = {978-1-4503-4574-3},
 location = {Vienna, Austria},
 pages = {91--96},
 numpages = {6},
 url = {http://doi.acm.org/10.1145/2993600.2993611},
 doi = {10.1145/2993600.2993611},
 acmid = {2993611},
 publisher = {ACM},
 address = {New York, NY, USA},
 keywords = {EVM, ethereum, formal verification, smart contracts, solidity},
}

@online{github:echidna,
	url = {https://github.com/trailofbits/echidna},
    urldate = {2018-07-23}, 
	author = {Trail of Bits},
	title = {Echidna: Ethereum fuzz testing framework},
	year = 2018,
	month = 7
}

@online{digiconomist:ethereumenergy,
	url = {https://digiconomist.net/ethereum-energy-consumption},
    urldate = {2018-07-23}, 
	author = {Digiconomist},
	title = {Ethereum Energy Consumption Index},
	year = 2018,
	month = 7
}

@online{altcointoday:paypalvsethereum,
	url = {https://altcointoday.com/bitcoin-ethereum-vs-visa-paypal-transactions-per-second/},
    urldate = {2018-07-31}, 
	author = {Altcoin Today},
	title = {Bitcoin and Ethereum vs Visa and PayPal – Transactions per second},
	year = 2017,
	month = 4
}

@inproceedings{matzutt:arbitraryblockchaincontent,
  title={A Quantitative Analysis of the Impact of Arbitrary Blockchain Content on Bitcoin},
  author={Matzutt, Roman and Hiller, Jens and Henze, Martin and Ziegeldorf, Jan Henrik and M{\"u}llmann, Dirk and Hohlfeld, Oliver and Wehrle, Klaus},
  booktitle={Proceedings of the 22nd International Conference on Financial Cryptography and Data Security (FC). Springer},
  year={2018}
}

@online{heise:reasonlaws,
	title = {Blockchain: "Manche verstehen nicht, wofür es Gesetze gibt"},
 	url = {https://www.heise.de/tr/artikel/Blockchain-Manche-verstehen-nicht-wofuer-es-Gesetze-gibt-3952055.html},
    urldate = {2018-07-23}, 
	author = {Sascha Mattke},
	month = 2,
	year = 2018
}

@online{vbwbayern:blockchain,
	title = {Studie: Blockchain und Smart Contracts Recht und Technik im Überblick},
 	url = {https://vbw-bayern.de/Redaktion/Frei-zugaengliche-Medien/Abteilungen-GS/Planung-und-Koordination/2017/Downloads/2017-09-12-NH-vbw-Blockchain-und-Smart-Contracts_ChV-Fu%C3%9Fnoten.pdf},
    urldate = {2018-07-31}, 
	author = {Lehrstuhl für Öffentliches Recht, Sicherheitsrecht und Internetrecht, Universität Passau},
	month = 10,
	year = 2017
}

@online{augurproject:whitepaper,
	title = {Augur: a Decentralized, Open-Source Platform for Prediction Markets},
 	url = {https://github.com/AugurProject/whitepaper},
    urldate = {2018-07-31}, 
	author = {Peterson, Jack and Krug, Joseph and Zoltu, Micah and Williams, Austin and Alexander, Stephaie},
	month = 3,
	year = 2018
}

@online{cryptokitten:whitepaper,
	title = {CryptoKitties: Collectible and Breedable Cats Empowered by Blockchain Technology},
 	url = {https://www.cryptokitties.co/technical-details},
    urldate = {2018-07-28}, 
	author = {CryptoKitties},
	month = 3,
	year = 2018
}
